@misc{Authors12,
 author = {Authors},
 title = {The frobnicatable foo filter},
 note = {ACM MM 2013 submission ID 324. Supplied as additional material {\tt acmmm13.pdf}},
}

@misc{Authors12b,
 author = {Authors},
 title = {Frobnication tutorial},
 note = {Supplied as additional material {\tt tr.pdf}},
 year = {2012}
}

@BOOK{kurose,
  author = {James F. Kurose and Keith W. Ross},
  title = {Computer Networking: A Top-Down Approach},
  year = {2017},
  edition = {7th}
%   volume = {19},
%   pages = {297-301},
%   month = {Apr.}
}

@INPROCEEDINGS{encryption,  author={A. {Bhardwaj} and S. {Som}},  booktitle={2016 International Conference on Innovation and Challenges in Cyber Security (ICICCS-INBUSH)},   title={Study of different cryptographic technique and challenges in future},   year={2016},  volume={},  number={},  pages={208-212},  doi={10.1109/ICICCS.2016.7542353}}
}

@article{clientserver,
issn = {1082-7919},
journal = {America's Community Banker},
pages = {31},
volume = {7},
publisher = {America's Community Bankers},
number = {11},
year = {1998},
title = {The pros and cons of client/server outsourcing},
language = {eng},
address = {Washington},
author = {Julie Monahan},
}



@ARTICLE{cooley65,
  author = {J. W. Cooley and J. W. Tukey},
  title = {An algorithm for the machine computation of complex {F}ourier series},
  journal = {Math. Comp.},
  year = {1965},
  volume = {19},
  pages = {297-301},
  month = {Apr.}
}

@INCOLLECTION{haykin02,
  author = {S. Haykin},
  title = {Adaptive Filter Theory},
  publisher = {Prentice Hall},
  year = {2002},
  series = {Information and System Science},
  edition = {4th}
}

@ARTICLE{Morgan2005,
  author = {Dennis R. Morgan},
  title = {Dos and Don'ts of Technical Writing},
  journal = {IEEE Potentials},
  year = {2005},
  volume = {24},
  pages = {22-25},
  number = {3},
  month = {Aug.}
}

 @misc{irc_wiki, 
 title={Internet Relay Chat}, url={https://en.wikipedia.org/wiki/Internet_Relay_Chat}, journal={Wikipedia}, 
 publisher={Wikimedia Foundation}, 
 year={2020}, 
 month={Dec}} 